@article{Abl:45,
	author={B.C. Able},
	title={The examination of cell nuclei},
	journal={Birches. J.},
	year={1945},
	volume={35},
	pages={123--126},
}

@article{Abl:56,
	author={B.C. Able},
	title={Nucleic acid content of microscope},
	journal={Nature},
	year={1956},
	volume={135},
	pages={7--9},
}

@incollection{AbTaRu:54,
	author={B.C. Able and R.A. Tagg and M. Rush},
	title={Enzyme-catalyzed cellular transanimations},
	pages={125--247},
	editor={A.F. Round},
	publisher={Academic  Press},
	year={1954},
	volume={2},
	booktitle={Advances in Enzymology},
	address={New York},
	edition={3rd},
}

@book{Bak:63a,
	author={R.C. Baker},
	title={Microscopic Staining Techniques},
	publisher={Butterworths},
	year={1963},
	address={London},
}

@article{Bak:63b,
	author={R.C. Baker},
	title={Methods of preparing thin-section slides},
	journal={J. Brit. Med. Assoc.},
	year={1963},
	volume={34},
	pages={184--186},
}

@book{Heritage:92,
      editor={A. H. Soukhanov},
	title="{The American Heritage. Dictionary of the American Language}",
	publisher={Houghton Mifflin Company},
	year={1992},

}

@article{ChaRou:66,
	author={F.H. Charlie and M.B. Routh},
	title={The Chemical Destination of Toxins},
	journal={J. Am. Chem. Soc.},
	year={1966},
	volume={66},
	pages={267--269},
}

@incollection{Dog:58,
	author={P.R. Dog},
	title={},
	booktitle={Chemical Carcinogenesis},
	publisher={Chapman \& Hall},
	year={1958},
	editor={R.W. Brown},
	chapter={7},
	volume={II},
	pages={56--98},
	address={London},
}

@book{Keo:58,
	author={R. Keohane},
	title={Power and Interdependence: World Politics in Transitions},
	publisher={Little, Brown \& Co.},
	year={1958},
	address={Boston},
}

@article{Pow:85,
	author={T. Powers},
	title={Is there a way out?},
	journal={Harpers},
	year={1985},
	pages={35--47},
	month=jun,
}

@misc{autoria_propria,
  author = {Almeida, J. and Nascimento, J. and Barino, F. and Bessa, A.},
  title = {Dados e Figuras Originais},
  year = {2025},
  note = {Autoria própria}
}

@misc{Sol:89,
	author={Solo},
	year={1989},
}

@misc{gaudi_spectrometer,
  author = {GaudiLabs},
  title = {Open Fiber Spectrometer},
  year = {2025},
  howpublished = {Online},
  url = {https://www.gaudi.ch/GaudiLabs/?page_id=825},
  note = {Acessado em: 10 mar. 2025}
}

@misc{OSA201C,
  author = {Thorlabs},
  title = {Thorlabs OSA201C},
  year = {2025},
  howpublished = {Online},
  url = {https://www.thorlabs.com/
thorproduct.cfm?partnumber=OSA201C},
  note = {Acessado em: 10 mar. 2025}
}

@article{otsu1979,
  author = {Nobuyuki Otsu},
  title = {A Threshold Selection Method from Gray-Level Histograms},
  journal = {IEEE Transactions on Systems, Man, and Cybernetics},
  volume = {9},
  number = {1},
  pages = {62-66},
  year = {1979},
  publisher = {IEEE}
}

@article{terra2015,
  author    = {Osama Terra and Hatem Hussein},
  title     = {Calibration of grating based optical spectrum analyzers},
  journal   = {Journal of Optics},
  volume    = {44},
  number    = {4},
  pages     = {366--372},
  year      = {2015},
  doi       = {10.1007/s12596-015-0290-5},
  note      = {Acessado em: 06 mar. 2025},
  url       = {https://link.springer.com/article/10.1007/s12596-015-0290-5}
}

@incollection{dubard1995,
  author    = {J. Dubard and C. Le Men},
  title     = {Optical Spectrum Analyzer Calibration},
  booktitle = {Trends in Optical Fibre Metrology and Standards},
  editor    = {Olivério D. D. Soares},
  series    = {NATO ASI Series},
  volume    = {285},
  pages     = {489--509},
  year      = {1995},
  publisher = {Springer},
  address   = {Dordrecht},
  doi       = {10.1007/978-94-011-0035-9_25},
  url       = {https://link.springer.com/chapter/10.1007/978-94-011-0035-9_25},
  note      = {Acessado em: 13 mar. 2025}
}

@standard{iec62129,
  author    = {{International Electrotechnical Commission}},
  title     = {Calibration of optical spectrum analyzers},
  year      = {2006},
  number    = {IEC 62129:2006},
  url       = {https://standards.iteh.ai/catalog/standards/clc/341b0104-16ff-4bac-b849-12ccc1cb6f52/en-62129-2006},
  note      = {Acessado em: 01 mar. 2025}
}

@article{liu2013,
  author    = {K. Liu and F. Yu},
  title     = {Accurate Wavelength Calibration Method Using System Parameters for Grating Spectrometers},
  journal   = {Optical Engineering},
  volume    = {52},
  number    = {1},
  pages     = {013603},
  year      = {2013},
  doi       = {10.1117/1.OE.52.1.013603}
}

@misc{fraunhofer,
  author = {Joseph von Fraunhofer},
  title = {Fraunhofer Diffraction Equation},
  year = {1823},
  url = {https://en.wikipedia.org/wiki/Fraunhofer_diffraction_equation},
  note = {Acessado em: 15 fev. 2025}
}

@misc{thorlabs_osa20xc,
  author       = {Thorlabs},
  title        = {OSA20xC Series Optical Spectrum Analyzers},
  year         = {2025},
  url          = {https://www.thorlabs.com/newgrouppage9.cfm?objectgroup_id=5276},
  note         = {Acessado em: 03 mar. 2025}
}

@misc{thorlabs_cct10,
  author       = {Thorlabs},
  title        = {CCT10 Spectrometer},
  year         = {2025},
  url          = {https://www.thorlabs.com/newgrouppage9.cfm?objectgroup_id=5276&pn=OSA201C},
  note         = {Acessado em: 09 mar. 2025}
}

@misc{yokogawa_aq6374,
  author       = {Yokogawa},
  title        = {AQ6374 Wide-Range Optical Spectrum Analyzer},
  year         = {2025},
  url          = {https://tmi.yokogawa.com/br/solutions/products/optical-measuring-instruments/optical-spectrum-analyzers/aq6374e-wide-wavelength-range-optical-spectrum-analyzer-350-1750-nm/},
  note         = {Acessado em: 11 mar. 2025}
}

@misc{yokogawa_aq6370e,
  author       = {Yokogawa},
  title        = {AQ6370E Optical Spectrum Analyzer},
  year         = {2025},
  url          = {https://tmi.yokogawa.com/us/solutions/products/optical-measuring-instruments/optical-spectrum-analyzer/},
  note         = {Acessado em: 12 mar. 2025}
}

@misc{anritsu_ms9740b,
  author       = {Anritsu},
  title        = {MS9740B Optical Spectrum Analyzer},
  year         = {2025},
  url          = {https://www.anritsu.com/en-in/test-measurement/products/MS9740B},
  note         = {Acessado em: 14 mar. 2025}
}

@misc{yokogawa_aq6380,
  author       = {Yokogawa},
  title        = {AQ6380 Optical Spectrum Analyzer},
  year         = {2025},
  url          = {https://tmi.yokogawa.com/br/solutions/products/optical-measuring-instruments/optical-spectrum-analyzer/aq6380-optical-spectrum-analyzer/},
  note         = {Acessado em: 10 mar. 2025}
}